<record><leader>00000cas a22000007a 4500</leader><controlfield tag="001">18545860</controlfield><controlfield tag="008">880929d19581960laudr ne      0    0eng d</controlfield><datafield ind1=" " ind2=" " tag="010"><subfield code="a">sn 88064648 </subfield></datafield><datafield ind1=" " ind2=" " tag="040"><subfield code="a">LNP</subfield><subfield code="b">eng</subfield><subfield code="c">LNP</subfield><subfield code="d">OCLCQ</subfield></datafield><datafield ind1=" " ind2=" " tag="042"><subfield code="a">msc</subfield></datafield><datafield ind1="0" ind2="0" tag="245"><subfield code="a">New Orleans states and New Orleans item.</subfield></datafield><datafield ind1="1" ind2="7" tag="246"><subfield code="a">New Orleans states and item</subfield></datafield><datafield ind1=" " ind2=" " tag="260"><subfield code="a">[New Orleans, La.] :</subfield><subfield code="b">Times-Picayune Pub. Co.</subfield></datafield><datafield ind1=" " ind2=" " tag="300"><subfield code="a">v.</subfield></datafield><datafield ind1=" " ind2=" " tag="310"><subfield code="a">Daily (except Sun.)</subfield></datafield><datafield ind1="0" ind2=" " tag="362"><subfield code="a">Vol. 82, no. 84 (Sept. 15, 1958)-v. 83, no. 346 (July 16, 1960).</subfield></datafield><datafield ind1=" " ind2=" " tag="752"><subfield code="a">United States</subfield><subfield code="b">Louisiana</subfield><subfield code="c">Orleans</subfield><subfield code="d">New Orleans.</subfield></datafield><datafield ind1="0" ind2="4" tag="780"><subfield code="t">New Orleans states</subfield><subfield code="w">(DLC)sn 83016713</subfield></datafield><datafield ind1="0" ind2="4" tag="780"><subfield code="t">New Orleans item</subfield><subfield code="w">(DLC)sn 87062393</subfield></datafield><datafield ind1="0" ind2="0" tag="785"><subfield code="t">New Orleans states-item</subfield><subfield code="w">(DLC)sn 88064649</subfield></datafield></record>